<record><leader>00000cas a22000007a 4500</leader><controlfield tag="001">34417179</controlfield><controlfield tag="008">960320d19091911okuwr n       0    0eng d</controlfield><datafield ind1=" " ind2=" " tag="010"><subfield code="a">sn 96087597 </subfield></datafield><datafield ind1=" " ind2=" " tag="040"><subfield code="a">OBN</subfield><subfield code="b">eng</subfield><subfield code="c">OBN</subfield><subfield code="d">OCLCQ</subfield><subfield code="d">OCLCF</subfield><subfield code="d">OCLCO</subfield></datafield><datafield ind1="1" ind2=" " tag="029"><subfield code="a">AU@</subfield><subfield code="b">000025920519</subfield></datafield><datafield ind1=" " ind2=" " tag="042"><subfield code="a">msc</subfield></datafield><datafield ind1=" " ind2=" " tag="043"><subfield code="a">n-us-ok</subfield></datafield><datafield ind1="0" ind2="4" tag="245"><subfield code="a">The Sterling news.</subfield></datafield><datafield ind1=" " ind2=" " tag="260"><subfield code="a">Sterling, Okla. :</subfield><subfield code="b">Sterling Pub. Co.</subfield></datafield><datafield ind1=" " ind2=" " tag="300"><subfield code="a">v.</subfield></datafield><datafield ind1=" " ind2=" " tag="310"><subfield code="a">Weekly</subfield></datafield><datafield ind1="0" ind2=" " tag="362"><subfield code="a">Vol. 5, no. 2 (June 25, 1909)-</subfield></datafield><datafield ind1="1" ind2=" " tag="362"><subfield code="a">Ceased in 1911.</subfield></datafield><datafield ind1=" " ind2="0" tag="651"><subfield code="a">Sterling (Okla.)</subfield><subfield code="v">Newspapers.</subfield></datafield><datafield ind1=" " ind2="0" tag="651"><subfield code="a">Comanche County (Okla.)</subfield><subfield code="v">Newspapers.</subfield></datafield><datafield ind1=" " ind2="7" tag="655"><subfield code="a">Newspapers.</subfield><subfield code="2">fast</subfield><subfield code="0">(OCoLC)fst01423814</subfield></datafield><datafield ind1=" " ind2="7" tag="651"><subfield code="a">Oklahoma</subfield><subfield code="z">Comanche County.</subfield><subfield code="2">fast</subfield><subfield code="0">(OCoLC)fst01218116</subfield></datafield><datafield ind1=" " ind2="7" tag="651"><subfield code="a">Oklahoma</subfield><subfield code="z">Sterling.</subfield><subfield code="2">fast</subfield><subfield code="0">(OCoLC)fst01302422</subfield></datafield><datafield ind1=" " ind2=" " tag="752"><subfield code="a">United States</subfield><subfield code="b">Oklahoma</subfield><subfield code="c">Comanche</subfield><subfield code="d">Sterling.</subfield></datafield><datafield ind1="0" ind2="0" tag="780"><subfield code="t">Advocate (Fletcher, Okla. : 1905)</subfield><subfield code="w">(DLC)sn 96087596</subfield><subfield code="w">(OCoLC)34417002</subfield></datafield><datafield ind1="0" ind2="5" tag="780"><subfield code="t">Fletcher sun</subfield><subfield code="w">(DLC)sn 96087612</subfield><subfield code="w">(OCoLC)34457168</subfield></datafield><datafield ind1="0" ind2="7" tag="785"><subfield code="t">Elgin news</subfield><subfield code="w">(DLC)sn 96087611</subfield><subfield code="w">(OCoLC)34428297</subfield></datafield><datafield ind1="0" ind2="7" tag="785"><subfield code="t">Elgin=Sterling news</subfield><subfield code="w">(DLC)sn 96087609</subfield><subfield code="w">(OCoLC)34428000</subfield></datafield></record>